@article{DBLP:journals/corr/VaswaniSPUJGKP17,
  author    = {Ashish Vaswani and
               Noam Shazeer and
               Niki Parmar and
               Jakob Uszkoreit and
               Llion Jones and
               Aidan N. Gomez and
               Lukasz Kaiser and
               Illia Polosukhin},
  title     = {Attention Is All You Need},
  journal   = {CoRR},
  volume    = {abs/1706.03762},
  year      = {2017},
  url       = {http://arxiv.org/abs/1706.03762},
  archivePrefix = {arXiv},
  eprint    = {1706.03762},
  timestamp = {Sat, 23 Jan 2021 01:20:40 +0100},
  biburl    = {https://dblp.org/rec/journals/corr/VaswaniSPUJGKP17.bib},
  bibsource = {dblp computer science bibliography, https://dblp.org}
}


@article{DBLP:journals/corr/abs-1910-03771,
  author    = {Thomas Wolf and
               Lysandre Debut and
               Victor Sanh and
               Julien Chaumond and
               Clement Delangue and
               Anthony Moi and
               Pierric Cistac and
               Tim Rault and
               R{\'{e}}mi Louf and
               Morgan Funtowicz and
               Jamie Brew},
  title     = {HuggingFace's Transformers: State-of-the-art Natural Language Processing},
  journal   = {CoRR},
  volume    = {abs/1910.03771},
  year      = {2019},
  url       = {http://arxiv.org/abs/1910.03771},
  archivePrefix = {arXiv},
  eprint    = {1910.03771},
  timestamp = {Tue, 02 Jun 2020 12:49:01 +0200},
  biburl    = {https://dblp.org/rec/journals/corr/abs-1910-03771.bib},
  bibsource = {dblp computer science bibliography, https://dblp.org}
}